<record><leader>00000cas a2200000 a 4500</leader><controlfield tag="001">12548657</controlfield><controlfield tag="008">850914d19751975hiuwr ne      0    0eng d</controlfield><datafield ind1=" " ind2=" " tag="010"><subfield code="a">sn 85047224 </subfield></datafield><datafield ind1=" " ind2=" " tag="040"><subfield code="a">HUH</subfield><subfield code="b">eng</subfield><subfield code="c">HUH</subfield><subfield code="d">HWN</subfield><subfield code="d">OCL</subfield><subfield code="d">OCLCQ</subfield></datafield><datafield ind1=" " ind2=" " tag="042"><subfield code="a">msc</subfield></datafield><datafield ind1=" " ind2=" " tag="043"><subfield code="a">n-us-hi</subfield></datafield><datafield ind1=" " ind2=" " tag="090"><subfield code="a">AN2</subfield><subfield code="b">.N67</subfield></datafield><datafield ind1="0" ind2=" " tag="130"><subfield code="a">North Shore gazette (Wahiawa, Hawaii)</subfield></datafield><datafield ind1="1" ind2="0" tag="245"><subfield code="a">North Shore gazette.</subfield></datafield><datafield ind1=" " ind2=" " tag="260"><subfield code="a">Wahiawa, Hawaii :</subfield><subfield code="b">D.G. Pascual,</subfield><subfield code="c">1975.</subfield></datafield><datafield ind1=" " ind2=" " tag="300"><subfield code="a">1 v. :</subfield><subfield code="b">ill. ;</subfield><subfield code="c">41 cm.</subfield></datafield><datafield ind1=" " ind2=" " tag="310"><subfield code="a">Weekly</subfield></datafield><datafield ind1="0" ind2=" " tag="362"><subfield code="a">Vol. 4, no. 2 (Jan. 15, 1975)-v. 4, no. 17 (Apr. 30-May 6, 1975).</subfield></datafield><datafield ind1=" " ind2=" " tag="500"><subfield code="a">"An independent weekly newspaper."</subfield></datafield><datafield ind1=" " ind2="0" tag="651"><subfield code="a">North Shore Region (Hawaii)</subfield><subfield code="v">Periodicals.</subfield></datafield><datafield ind1=" " ind2=" " tag="752"><subfield code="a">United States</subfield><subfield code="b">Hawaii</subfield><subfield code="c">Honolulu</subfield><subfield code="d">Wahiawa.</subfield></datafield><datafield ind1="0" ind2="0" tag="780"><subfield code="t">North Shore news (Honolulu, Hawaii)</subfield><subfield code="w">(DLC)sn 85047223</subfield><subfield code="w">(OCoLC)12548656</subfield></datafield><datafield ind1="0" ind2="0" tag="785"><subfield code="t">North Shore community review</subfield><subfield code="w">(DLC)sn 85047035</subfield><subfield code="w">(OCoLC)11593832</subfield></datafield><datafield ind1="1" ind2=" " tag="029"><subfield code="a">AU@</subfield><subfield code="b">000022168307</subfield></datafield></record>